<?xml version="1.0" encoding="UTF-8"?><collection xmlns="http://www.loc.gov/MARC21/slim"><record><leader>00402nam--2200133-i-4500</leader><controlfield tag="001">000043872</controlfield><controlfield tag="002">20161230</controlfield><controlfield tag="005">20161230201044</controlfield><controlfield tag="008">060222s1000------------r-----000-0-eng-d</controlfield><datafield ind1=" " ind2=" " tag="080"><subfield code="a">539.1:62:801.323.9+800.935.62</subfield></datafield><datafield ind1=" " ind2=" " tag="100"><subfield code="a">Sube, Ralf</subfield></datafield><datafield ind1=" " ind2=" " tag="245"><subfield code="a">Kernphysik und kerntechnik. technik-worterbuch. englisch-deutsch-franzosisch-russisch</subfield></datafield><datafield ind1=" " ind2=" " tag="260"><subfield code="a">Berlin, Veb Verlag Technik, 1961, 1606p</subfield></datafield><datafield ind1=" " ind2=" " tag="852"><subfield code="a">D.254</subfield></datafield></record></collection>